@article{gl90,
  year = 1990,
  issn = {0025-5610},
  journal = {Mathematical Programming},
  volume = 49,
  number = {1-3},
  doi = {10.1007/BF01588795},
  title = {An $O(n^3 L)$ primal interior point algorithm for convex quadratic programming},
  publisher = {Springer-Verlag},
  keywords = {Convex quadratic programming; interior point method; Karmarkar's method; logarithmic barrier function method},
  author = {Goldfarb, D. and Liu, S.},
  pages = {325--340},
  language = {English}
}

@article{v14,
  title = {Fast Approximate Quadratic Programming for Large (Brain) Graph Matching},
  author = {Vogelstein, Joshua T and Conroy, John M and Podrazik, Louis J and Kratzer, Steven G and Harley, Eric T and Fishkind, Donniell E and Vogelstein, R Jacob and Priebe, Carey E},
  journal = {arXiv},
  pubstate = {Preprint},
  url = {http://arxiv.org/abs/1112.5507},
  year = 2014
}

@article{relax14,
  title = {Graph Matching: Relax at Your Own Risk},
  author = {Vince Lyzinski and Donniell Fishkind and Marcelo Fiori and Joshua T. Vogelstein and Carey E. Priebe and Guillermo Sapiro},
  journal = {arXiv},
  pubstate = {Preprint},
  url = {http://arxiv.org/abs/1405.3133},
  year = 2014
}

@article{abk14,
  title = {Graph matching: relax or not?},
  author = {Yonathan Aflalo and Alex Bronstein and Ron Kimmel},
  journal = {arXiv},
  pubstate = {Preprint},
  url = {http://arxiv.org/abs/1401.7623},
  year = 2014
}

@article{fs14,
  title = {On spectral properties for graph matching and graph isomorphism problems},
  author = {Marcelo Fiori and Guillermo Sapiro},
  journal = {arXiv},
  pubstate = {Preprint},
  url = {http://arxiv.org/abs/1409.6806},
  year = 2014
}

@inproceedings{kmgg14,
  title = {Power Iterated Color Refinement},
  author = {Kristian Kersting and Martin Mladenov and Roman Garnett and Martin Grohe},
  conference = {AAAI Conference on Artificial Intelligence},
  month = jul,
  year = 2014,
  url = {http://www.aaai.org/ocs/index.php/AAAI/AAAI14/paper/view/8377}
}

@article{gkms14,
  title = {Dimension Reduction via Colour Refinement},
  author = {Martin Grohe and Kristian Kersting and Martin Mladenov and Erkal Selman},
  journal = {arXiv},
  pubstate = {Preprint},
  url = {http://arxiv.org/abs/1307.5697},
  year = 2014
}

@article{owwz14,
  title = {Hardness of robust graph isomorphism, Lasserre gaps, and asymmetry of random graphs},
  author = {Ryan O'Donnell and John Wright and Chenggang Wu and Yuan Zhou},
  journal = {arXiv},
  pubstate = {Preprint},
  url = {http://arxiv.org/abs/1401.2436},
  year = 2014
}

@article{sg76,
 author = {Sahni, Sartaj and Gonzalez, Teofilo},
 title = {P-Complete Approximation Problems},
 journal = {Journal of the ACM},
 volume = 23,
 number = 3,
 month = jul,
 year = 1976,
 issn = {0004-5411},
 pages = {555--565},
 numpages = 11,
 doi = {10.1145/321958.321975},
 publisher = {ACM},
 address = {New York, NY, USA},
}

@article{ahs01,
  title = "Approximating the maximum quadratic assignment problem",
  journal = "Information Processing Letters",
  volume = 77,
  number = 1,
  pages = "13--16",
  year = 2001,
  issn = "0020-0190",
  doi = "10.1016/S0020-0190(00)00151-4",
  author = "Esther M. Arkin and Refael Hassin and Maxim Sviridenko",
}

@incollection{mms10,
  year=2010,
  isbn={978-3-642-14164-5},
  booktitle={Automata, Languages and Programming},
  volume=6198,
  series={Lecture Notes in Computer Science},
  editor={Abramsky, Samson and Gavoille, Cyril and Kirchner, Claude and Meyer auf der Heide, Friedhelm and Spirakis, PaulG.},
  doi={10.1007/978-3-642-14165-2_50},
  title={Maximum Quadratic Assignment Problem: Reduction from Maximum Label Cover and LP-Based Approximation Algorithm},
  publisher={Springer Berlin Heidelberg},
  author={Makarychev, Konstantin and Manokaran, Rajsekar and Sviridenko, Maxim},
  pages={594--604}
}

@article{vavasis90,
  title = {Quadratic programming is in $\NP$},
  journal = "Information Processing Letters ",
  volume = 36,
  number = 2,
  pages = "73--77",
  year = 1990,
  issn = "0020-0190",
  doi = "10.1016/0020-0190(90)90100-C",
  author = "Stephen A. Vavasis",
}

@article{sahni74,
  author = {Sahni, S.},
  title = {Computationally Related Problems},
  journal = {SIAM Journal on Computing},
  volume = 3,
  number = 4,
  pages = {262--279},
  year = 1974,
  doi = {10.1137/0203021},
}

@article{br95,
  year=1995,
  issn={0025-5610},
  journal={Mathematical Programming},
  volume=69,
  number={1-3},
  doi={10.1007/BF01585569},
  title={The complexity of approximating a nonlinear program},
  publisher={Springer-Verlag},
  author={Bellare, Mihir and Rogaway, Phillip},
  pages={429--441},
}

@article{fly98,
  year={1998},
  issn={1382-6905},
  journal={Journal of Combinatorial Optimization},
  volume={2},
  number={1},
  doi={10.1023/A:1009739827008},
  title={Approximation Algorithms for Quadratic Programming},
  publisher={Kluwer Academic Publishers},
  author={Fu, Minyue and Luo, Zhi-Quan and Ye, Yinyu},
  pages={29--50}
}

@article{vavasis92,
  year=1992,
  issn={0025-5610},
  journal={Mathematical Programming},
  volume=57,
  number={1-3},
  doi={10.1007/BF01581085},
  title={Approximation algorithms for indefinite quadratic programming},
  publisher={Springer-Verlag},
  author={Vavasis, Stephen A.},
  pages={279--311},
}

@book{ghr95,
  author = {Raymond Greenlaw and H. James Hoover and Walter L. Ruzzo},
  title = {{Limits to Parallel Computation: P-completeness Theory}},
  year = 1995,
  publisher = {Oxford University Press},
  address = {New York}
}

@article{lfp14,
  title = {Seeded graph matching for correlated Erdős–Rényi graphs},
  author = {Vince Lyzinski and Donniell E. Fishkind and Carey E. Priebe},
  journal = {arXiv},
  pubstate = {Preprint},
  url = {http://arxiv.org/abs/1304.7844},
  year = 2014
}

@article{l14,
  title = {Spectral Clustering for Divide-and-Conquer Graph Matching},
  author = {Vince Lyzinski and Daniel L. Sussman and Donniell E. Fishkind and Henry Pao and Li Chen and Joshua T. Vogelstein and Youngser Park and Carey E. Priebe},
  journal = {arXiv},
  pubstate = {Preprint},
  url = {http://arxiv.org/abs/1310.1297},
  year = 2014
}

@article{lavpp14,
  title = {Seeded Graph Matching Via Joint Optimization of Fidelity and Commensurability},
  author = {Vince Lyzinski and Sancar Adali and Joshua T. Vogelstein and Youngser Park and Carey E. Priebe},
  journal = {arXiv},
  pubstate = {Preprint},
  url = {http://arxiv.org/abs/1401.3813},
  year = 2014
}

@phdthesis{jaggi11,
  title = {Sparse Convex Optimization Methods for Machine Learning},
  author = {Martin Jaggi},
  location = {Zürich},
  institution = {ETH},
  date = {2011}
}

@article{blgbs15,
  title = {A Distributed Frank--Wolfe Algorithm for \\ Communication-Efficient Sparse Learning},
  author = {Aurélien Bellet and Yingyu Liang and Alireza Bagheri Garakani and Maria-Florina Balcan and Fei Sha},
  journal = {arXiv},
  pubstate = {Preprint},
  url = {http://arxiv.org/abs/1404.2644},
  year = 2015
}

@article{torgasev85,
  title={On graphs with a fixed number of negative eigenvalues},
  author={Torgašev, Aleksander},
  journal={Discrete Mathematics},
  volume={57},
  number={3},
  pages={311--317},
  year={1985},
  publisher={Elsevier}
}

@article{ellingham93,
  title={Basic subgraphs and graph spectra},
  author={Ellingham, M. N.},
  journal={Australasian Journal of Combinatorics},
  volume={8},
  pages={247--265},
  year={1993},
}
